@misc{pascalCoin,
  title={Pascal coin},
  url={https://github.com/PascalCoin/PascalCoin/raw/master/PascalCoin%20White%20Paper%20-%20EN.pdf}
}
@misc{script,
  title={Bitcoin script},
  url={https://en.bitcoin.it/wiki/Script}
}
@article{ethyp,
  title={Ethereum: A secure decentralised generalised transaction ledger},
  author={Wood, Gavin},
  journal={Ethereum Project Yellow Paper},
  volume={151},
  year={2014}
}
@article{freicoin,
  title={Freimarkets: extending bitcoin protocol with user-specified bearer instruments, peer-topeer exchange, off-chain accounting, auctions, derivatives and transitive transactions},
  author={Freidenbach, Mark and Timon, Jorge},
  journal={Draft, August},
  year={2013}
}
@misc{tezosScript,
  title={Bitcoin script},
  author={Bitcoin\_Wiki},
  url={https://en.bitcoin.it/wiki/Script}
}
@misc{spvMining,
  title={SPV mining},
  url={https://bitcoin.org/en/alert/2015-07-04-spv-mining}
}
@article{reyzin2016improving,
  title={Improving Authenticated Dynamic Dictionaries, with Applications to Cryptocurrencies},
  author={Reyzin, Leonid and Meshkov, Dmitry and Chepurnoy, Alexander and Ivanov, Sasha},
  year={2016}
}
@misc{utxoChart,
  title={Number of Unspent Transaction Outputs},
  author={Blockchain.info},
  url={https://blockchain.info/charts/utxo-count?timespan=all}
}
@misc{utxoSerialized,
  title={UTXO serialized size},
  author={Statoshi.info},
  url={http://statoshi.info/dashboard/db/unspent-transaction-output-set?panelId=8&fullscreen}
}
@misc{bitcoin2015flood,
  title={July 2015 flood attack},
  author={Bitcoin\_Wiki},
  url={https://en.bitcoin.it/wiki/July_2015_flood_attack}
}
@inproceedings{Garay2015,
  title={The bitcoin backbone protocol: Analysis and applications},
  author={Garay, Juan and Kiayias, Aggelos and Leonardos, Nikos},
  booktitle={Annual International Conference on the Theory and Applications of Cryptographic Techniques},
  pages={281--310},
  year={2015},
  organization={Springer}
}
@article{Nakamoto2008,
  title={Bitcoin: A peer-to-peer electronic cash system},
  author={Nakamoto, Satoshi},
  year={2008}
}
@misc{solidity,
  title={Solidity},
  url={https://solidity.readthedocs.io}
}
@article{seijas2016scripting,
  title={Scripting smart contracts for distributed ledger technology},
  author={Seijas, Pablo Lamela and Thompson, Simon and McAdams, Darryl},
  year={2016}
}
@article{rizun2015transaction,
  title={A Transaction Fee Market Exists Without a Block Size Limit},
  author={Rizun, Peter R},
  year={2015},
  publisher={No Publisher}
}
@article{andersen2013,
  title={Back-of-the-envelope calculations for marginal cost of transactions},
  author={Andresen, Gavin},
  url = {https://gist.github.com/gavinandresen/5044482},
  year={2013},
  publisher={No Publisher}
}
@inproceedings{eyal2016bitcoin,
  title={Bitcoin-ng: A scalable blockchain protocol},
  author={Eyal, Ittay and Gencer, Adem Efe and Sirer, Emin Gun and Van Renesse, Robbert},
  booktitle={13th USENIX Symposium on Networked Systems Design and Implementation (NSDI 16)},
  pages={45--59},
  year={2016},
  organization={USENIX Association}
}
@inproceedings{kogias2016enhancing,
  title={Enhancing bitcoin security and performance with strong consistency via collective signing},
  author={Kogias, Eleftherios Kokoris and Jovanovic, Philipp and Gailly, Nicolas and Khoffi, Ismail and Gasser, Linus and Ford, Bryan},
  booktitle={25th USENIX Security Symposium (USENIX Security 16)},
  pages={279--296},
  year={2016},
  organization={USENIX Association}
}
@inproceedings{gjermundrod2014recirculating,
  title={Recirculating Lost Coins in Cryptocurrency Systems},
  author={Gjermundr{\o}d, Harald and Dionysiou, Ioanna},
  booktitle={International Conference on Business Information Systems},
  pages={229--240},
  year={2014},
  organization={Springer}
}
@inproceedings{gjermundrod2016going,
  title={Going Beyond the Coinbase Transaction Fee: Alternative Reward Schemes for Miners in Blockchain Systems},
  author={Gjermundr{\o}d, Harald and Chalkias, Konstantinos and Dionysiou, Ioanna},
  booktitle={Proceedings of the 20th Pan-Hellenic Conference on Informatics},
  pages={35},
  year={2016},
  organization={ACM}
}
@inproceedings{ron2013quantitative,
  title={Quantitative analysis of the full bitcoin transaction graph},
  author={Ron, Dorit and Shamir, Adi},
  booktitle={International Conference on Financial Cryptography and Data Security},
  pages={6--24},
  year={2013},
  organization={Springer}
}
@misc{bitcoinDeflationarySpiral,
  title={Deflationary spiral},
  author={Bitcoin\_Wiki},
  url={https://en.bitcoin.it/wiki/Deflationary_spiral}
}
@inproceedings{barber2012bitter,
  title={Bitter to betterâ€”how to make bitcoin a better currency},
  author={Barber, Simon and Boyen, Xavier and Shi, Elaine and Uzun, Ersin},
  booktitle={International Conference on Financial Cryptography and Data Security},
  pages={399--414},
  year={2012},
  organization={Springer}
}
@inproceedings{carlsten2016instability,
  title={On the instability of bitcoin without the block reward},
  author={Carlsten, Miles and Kalodner, Harry and Weinberg, S Matthew and Narayanan, Arvind},
  booktitle={Proceedings of the 2016 ACM SIGSAC Conference on Computer and Communications Security},
  pages={154--167},
  year={2016},
  organization={ACM}
}
